@misc{szsj,
  title={The Mathematics of Egypt, Mesopotamia, China, India and Islam : A Sourcebook},
  author={Dauben, Joseph W},
  year={2007},
  publisher={Princeton University Press}
}


@misc{szgj,
  title={大衍求一术的过去和未来},
  author={李俨},
  year={1998},
  publisher={辽宁教育出版社}
}



